@article{0,
  author    = {Giannozzi, P. and Baroni, S. and Bonini, N. and Calandra, M. and Car, R. and Cavazzoni, C. and Ceresoli, D. and Chiarotti, G. L. and Cococcioni, M. and Dabo, I. and Corso, A. D. and de Gironcoli, S. and Fabris, S. and Fratesi, G. and Gebauer, R. and Gerstmann, U. and Gougoussis, C. and Kokalj, A. and Lazzeri, M. and Martin-Samos, L. and Marzari, N. and Mauri, F. and Mazzarello, R. and Paolini, S. and Pasquarello, A. and Paulatto, L. and Sbraccia, C. and Scandolo, S. and Sclauzero, G. and Seitsonen, A. P. and Smogunov, A. and Umari, P. and Wentzcovitch, R. M.},
  title     = {{QE: A Modular and Open-Source Software Project for Quantum Simulations of Materials}},
  journal   = {J. Phys.: Condens. Matter},
  volume    = {21},
  pages     = {395502},
  year      = {2009}
}

@article{1,
  author    = {Car, R. and Parrinello, M.},
  title     = {The Unified Approach to Density Functional and Molecular Dynamics in Real Space},
  journal   = {Solid State Commun.},
  volume    = {62},
  pages     = {403},
  year      = {1987}
}

@book{2,
  author    = {Marx, D. and Hutter, J.},
  title     = {Ab Initio Molecular Dynamics: Basic Theory and Advanced Methods},
  publisher = {Cambridge University Press},
  address   = {Cambridge},
  edition   = {1st},
  year      = {2009}
}

@article{3,
  author    = {Born, M. and Oppenheimer, R.},
  title     = {Zur Quantentheorie der Molekeln},
  journal   = {Ann. Phys.},
  volume    = {389},
  pages     = {457},
  year      = {1927}
}

@book{frt,
  author    = {Chapman, S. J.},
  title     = {Fortran for Scientists and Engineers},
  publisher = {McGraw-Hill Education},
  address   = {2 Penn Plaza, New York, NY 10121},
  edition   = {4th},
  year      = {2018}
}

@article{lnx,
  author    = {Torvalds, L.},
  title     = {The Linux Edge},
  journal   = {Commun. ACM},
  volume    = {42},
  pages     = {38},
  year      = {1999}
}

@misc{bsh,
  title        = {{GNU Bash}},
  howpublished = {\url{https://www.gnu.org/software/bash/}},
  note         = {Online; accessed [date]}
}

@misc{gg,
  title        = {{GNU GPL 3.0 License}},
  howpublished = {\url{https://www.gnu.org/licenses/gpl-3.0.txt}},
  note         = {Online; accessed [date]}
}

@article{b36,
  author    = {Shekaari, A. and Jafari, M.},
  title     = {Finite Temperature Properties and Phase Transition Behavior of Quasi-planar B$_{36}$ Nanocluster from First Principles},
  journal   = {Mater. Res. Express},
  volume    = {6},
  pages     = {025014},
  year      = {2019}
}

@article{lind,
  author    = {Lindemann, F. A.},
  title     = {The Calculation of Molecular Vibration Frequencies},
  journal   = {Phys. Z.},
  volume    = {11},
  pages     = {609},
  year      = {1910}
}

@article{sl,
  author    = {Shekaari, A. and Jafari, M.},
  title     = {Unveiling the First Post-Graphene Member of Silicon Nitrides: A Novel 2D Material},
  journal   = {Comput. Mater. Sci.},
  volume    = {180},
  pages     = {109693},
  year      = {2020}
}
